% Encoding: UTF-8

@Book{wachspress2013adi,
  title     = {The ADI model problem},
  publisher = {Springer},
  year      = {2013},
  author    = {Wachspress, Eugene},
}

@Article{Gower2016,
  Title                    = {Randomized Quasi-{N}ewton Updates are Linearly Convergent Matrix Inversion Algorithms},
  Author                   = {Gower, Robert Mansel and Richt{\'{a}}rik, Peter},
  Journal                  = {SIAM Journal on Matrix Analysis and Applications},
  Year                     = {2017},
  Number                   = {4},
  Pages                    = {pp. 1380-- 1409},
  Volume                   = {38}
}


@Comment{jabref-meta: databaseType:bibtex;}
